%% This BibTeX bibliography file was created using BibDesk.
%% http://bibdesk.sourceforge.net/

%% Created for Alexander Kwok at 2017-03-30 23:10:42 +1300 

%% Saved with string encoding Unicode (UTF-8) 

@article{davis2012smart,
  title={Smart manufacturing, manufacturing intelligence and demand-dynamic performance},
  author={Davis, Jim and Edgar, Thomas and Porter, James and Bernaden, John and Sarli, Michael},
  journal={Computers \& Chemical Engineering},
  volume={47},
  pages={145--156},
  year={2012},
  publisher={Elsevier}
}

@article{xu2012cloud,
  title={From cloud computing to cloud manufacturing},
  author={Xu, Xun},
  journal={Robotics and computer-integrated manufacturing},
  volume={28},
  number={1},
  pages={75--86},
  year={2012},
  publisher={Elsevier}
}

@article{lee2013recent,
  title={Recent advances and trends in predictive manufacturing systems in big data environment},
  author={Lee, Jay and Lapira, Edzel and Bagheri, Behrad and Kao, Hung-an},
  journal={Manufacturing Letters},
  volume={1},
  number={1},
  pages={38--41},
  year={2013},
  publisher={Elsevier}
}

@inproceedings{zhekun2004applications,
  title={Applications of RFID technology and smart parts in manufacturing},
  author={Zhekun, Li and Gadh, Rajit and Prabhu, BS},
  booktitle={ASME 2004 International Design Engineering Technical Conferences and Computers and Information in Engineering Conference},
  pages={123--129},
  year={2004},
  organization={American Society of Mechanical Engineers}
}

@article{lucke2008smart,
  title={Smart factory-a step towards the next generation of manufacturing},
  author={Lucke, Dominik and Constantinescu, Carmen and Westk{\"a}mper, Engelbert},
  journal={Manufacturing systems and technologies for the new frontier},
  pages={115--118},
  year={2008},
  publisher={Springer}
}

@article{zhang2011agent,
  title={Agent-based smart objects management system for real-time ubiquitous manufacturing},
  author={Zhang, Yingfeng and Huang, George Q and Qu, T and Ho, Oscar and Sun, Shudong},
  journal={Robotics and Computer-Integrated Manufacturing},
  volume={27},
  number={3},
  pages={538--549},
  year={2011},
  publisher={Elsevier}
}