
@book{heagney2016fundamentals,
  title={Fundamentals of project management},
  author={Heagney, Joseph},
  year={2016},
  publisher={AMACOM Div American Mgmt Assn}
}
@article{alotaibi2016project,
  title={Project Management Practice: Redefining Theoretical Challenges in the 21st Century},
  author={Alotaibi, Abdulrahman B and Mafimisebi, Oluwasoye P},
  journal={Project Management},
  volume={7},
  number={1},
  year={2016}
}
@incollection{winner2016select,
  title={How to Select and Scope a Project},
  author={Winner, Laura and Hill, Richard},
  booktitle={Resident?s Handbook of Medical Quality and Safety},
  pages={201--216},
  year={2016},
  publisher={Springer}
}
@article{schlossberger2016engineering,
  title={Engineering Codes of Ethics and the Duty to Set a Moral Precedent},
  author={Schlossberger, Eugene},
  journal={Science and engineering ethics},
  volume={22},
  number={5},
  pages={1333--1344},
  year={2016},
  publisher={Springer}
}
@article{key,
    author  = "Hebert JS Olson JL Morhart MJ Dawson MR Marasco PD Kuiken TA and Chang KM",
    title   = "Novel Targeted Sensory Reinnervation Technique to Restore Functional Hand Sensation After Transhumeral Amputation",
    journal = "IEEE Trans Neural Syst Rehabil Eng",
    year    = "2014",
    volume  = "4",
    number  = "22",
    pages   = "765-773"
}
@article{olsen2016teach,
  title={How to teach Health and Safety to engineering students?},
  author={Olsen, KB},
  year={2016}
}
@inproceedings{cai2016design,
  title={The Design and Implementation of Distributed Data Acquisition System Based on EtherCAT and CompactRIO},
  author={Cai, Jiawei and Pan, Yue and Wei, Wenlong},
  booktitle={Instrumentation \& Measurement, Computer, Communication and Control (IMCCC), 2016 Sixth International Conference on},
  pages={509--512},
  year={2016},
  organization={IEEE}
}
@inproceedings{tanci2016software,
  title={Software design and code generation for the engineering graphical user interface of the ASTRI SST-2M prototype for the Cherenkov Telescope Array},
  author={Tanci, Claudio and Tosti, Gino and Antolini, Elisa and Gambini, Giorgio F and Bruno, Pietro and Canestrari, Rodolfo and Conforti, Vito and Lombardi, Saverio and Russo, Federico and Sangiorgi, Pierluca and others},
  booktitle={SPIE Astronomical Telescopes+ Instrumentation},
  pages={99133X--99133X},
  year={2016},
  organization={International Society for Optics and Photonics}
}
@inproceedings{pessemier2016knowledge,
  title={Knowledge-based engineering of a PLC controlled telescope},
  author={Pessemier, Wim and Raskin, Gert and Saey, Philippe and Van Winckel, Hans and Deconinck, Geert},
  booktitle={SPIE Astronomical Telescopes+ Instrumentation},
  pages={991343--991343},
  year={2016},
  organization={International Society for Optics and Photonics}
}
@incollection{mcbride2016appendix,
  title={Appendix A: Project Management Checklists},
  author={McBride, Melanie},
  booktitle={Project Management Basics},
  pages={133--137},
  year={2016},
  publisher={Springer}
}
@article{helmke2016improvement,
  title={Improvement of hydraulic control quality for deep drawing presses through retrofit},
  author={Helmke, Marcus and Majer, Herbert and Thanassakis, Andreas},
  year={2016}
}